@article{shannon1948communication,
  author = {Claude E. Shannon},
  title = {A Mathematical Theory of Communication},
  journal = {Bell System Technical Journal},
  year = 1948,
  volume = {27},
  number = {3},
  pages = {379-423},
}

 @misc{schaeffer_2021, title={Rylanschaeffer/stanford-latex-poster-template: Stanford Latex poster template}, url={https://github.com/RylanSchaeffer/Stanford-LaTeX-Poster-Template}, journal={GitHub}, author={Schaeffer, Rylan}, year={2021}, month={Oct}} 