@InProceedings{Brooks1997Methodology,
author = {Fredrick P. Brooks and John Kubiatowicz and
Christos Papadimitriou},
title = {A Methodology for the Study of the
Location-Identity Split},
booktitle = {Proceedings of OOPSLA},
Month = jun,
Year = 1997}